
@ARTICLE{2013arXiv1306.3709B,
   author = {{Bonnefoy}, M. and {Chauvin}, G. and {Lagrange}, A.-M. and {Rojo}, P. and 
	{Allard}, F. and {Pinte}, C. and {Dumas}, C. and {Homeier}, D.
	},
    title = "{A library of near-infrared integral field spectra of young M-L dwarfs}",
  journal = {ArXiv e-prints},
archivePrefix = "arXiv",
   eprint = {1306.3709},
 primaryClass = "astro-ph.SR",
 keywords = {Astrophysics - Solar and Stellar Astrophysics, Astrophysics - Earth and Planetary Astrophysics},
     year = 2013,
    month = jun,
   adsurl = {http://adsabs.harvard.edu/abs/2013arXiv1306.3709B},
  adsnote = {Provided by the SAO/NASA Astrophysics Data System}
}


@ARTICLE{2012ApJ...748...93R,
   author = {{Rojas-Ayala}, B. and {Covey}, K.~R. and {Muirhead}, P.~S. and 
	{Lloyd}, J.~P.},
    title = "{Metallicity and Temperature Indicators in M Dwarf K-band Spectra: Testing New and Updated Calibrations with Observations of 133 Solar Neighborhood M Dwarfs}",
  journal = {\apj},
archivePrefix = "arXiv",
   eprint = {1112.4567},
 primaryClass = "astro-ph.SR",
 keywords = {stars: abundances, stars: fundamental parameters, stars: late-type},
     year = 2012,
    month = apr,
   volume = 748,
      eid = {93},
    pages = {93},
      doi = {10.1088/0004-637X/748/2/93},
   adsurl = {http://adsabs.harvard.edu/abs/2012ApJ...748...93R},
  adsnote = {Provided by the SAO/NASA Astrophysics Data System}
}


@ARTICLE{2009ApJS..185..289R,
   author = {{Rayner}, J.~T. and {Cushing}, M.~C. and {Vacca}, W.~D.},
    title = "{The Infrared Telescope Facility (IRTF) Spectral Library: Cool Stars}",
  journal = {\apjs},
archivePrefix = "arXiv",
   eprint = {0909.0818},
 primaryClass = "astro-ph.SR",
 keywords = {atlases, infrared: stars, stars: AGB and post-AGB, stars: carbon, stars: fundamental parameters, stars: late-type, techniques: spectroscopic},
     year = 2009,
    month = dec,
   volume = 185,
    pages = {289-432},
      doi = {10.1088/0067-0049/185/2/289},
   adsurl = {http://adsabs.harvard.edu/abs/2009ApJS..185..289R},
  adsnote = {Provided by the SAO/NASA Astrophysics Data System}
}

@article{Kirkpatrick:2002eh,
      author         = "Kirkpatrick, J. Davy",
      title          = "{2MASS data mining and the M, L, and T dwarf archives}",
      year           = "2002",
      eprint         = "astro-ph/0207672",
      archivePrefix  = "arXiv",
      primaryClass   = "astro-ph",
      SLACcitation   = "%%CITATION = ASTRO-PH/0207672;%%",
}

@ARTICLE{1994AJ....108.1437H,
   author = {{Henry}, T.~J. and {Kirkpatrick}, J.~D. and {Simons}, D.~A.},
    title = "{The solar neighborhood, 1: Standard spectral types (K5-M8) for northern dwarfs within eight parsecs}",
  journal = {\aj},
 keywords = {Astronomical Spectroscopy, Late Stars, Light (Visible Radiation), Red Dwarf Stars, Stellar Spectra, Visible Spectrum, Astronomical Photometry, Spectroscopic Telescopes, Stellar Magnitude},
     year = 1994,
    month = oct,
   volume = 108,
    pages = {1437-1444},
      doi = {10.1086/117167},
   adsurl = {http://adsabs.harvard.edu/abs/1994AJ....108.1437H},
  adsnote = {Provided by the SAO/NASA Astrophysics Data System}
}

@ARTICLE{2013MSAIS..24..128A,
   author = {{Allard}, F. and {Homeier}, D. and {Freytag}, B. and {Schaffenberger} and 
	{}, W. and {Rajpurohit}, A.~S.},
    title = "{Progress in modeling very low mass stars, brown dwarfs, and planetary mass objects.}",
  journal = {Memorie della Societa Astronomica Italiana Supplementi},
archivePrefix = "arXiv",
   eprint = {1302.6559},
 primaryClass = "astro-ph.SR",
 keywords = {Stars: atmospheres, M dwarfs, Brown Dwarfs, Extrasolar Planets},
     year = 2013,
   volume = 24,
    pages = {128},
   adsurl = {http://adsabs.harvard.edu/abs/2013MSAIS..24..128A},
  adsnote = {Provided by the SAO/NASA Astrophysics Data System}
}

@article{fuhrmeister2005phoenix,
  title={PHOENIX model chromospheres of mid-to late-type M dwarfs},
  author={Fuhrmeister, B and Schmitt, JHMM and Hauschildt, PH},
  journal={arXiv preprint astro-ph/0505375},
  year={2005}
}

 @Manual{R2013,
    title = {R: A Language and Environment for Statistical Computing},
    author = {{R Core Team}},
    organization = {R Foundation for Statistical Computing},
    address = {Vienna, Austria},
    year = {2013},
    url = {http://www.R-project.org/},
}

@book{holland1975adaptation,
  title={Adaptation in natural and artificial systems: An introductory analysis with applications to biology, control, and artificial intelligence.},
  author={Holland, John H},
  year={1975},
  publisher={U Michigan Press}
}

@book{goldberg1989genetic,
 author = {Goldberg, David E.},
 title = {Genetic Algorithms in Search, Optimization and Machine Learning},
 year = {1989},
 isbn = {0201157675},
 edition = {1st},
 publisher = {Addison-Wesley Longman Publishing Co., Inc.},
 address = {Boston, MA, USA},
} 

@article{breiman2001random,
  title={Random forests},
  author={Breiman, Leo},
  journal={Machine learning},
  volume={45},
  number={1},
  pages={5--32},
  year={2001},
  publisher={Springer}
}

@ARTICLE{2013A&A...550A.120S,
   author = {{Sarro}, L.~M. and {Debosscher}, J. and {Neiner}, C. and {Bello-Garc{\'{\i}}a}, A. and 
	{Gonz{\'a}lez-Marcos}, A. and {Prendes-Gero}, B. and {Ordieres}, J. and 
	{Le{\'o}n}, G. and {Aerts}, C. and {de Batz}, B.},
    title = "{Improved variability classification of CoRoT targets with Giraffe spectra}",
  journal = {\aap},
 keywords = {stars: variables: general, stars: oscillations, techniques: spectroscopic, stars: fundamental parameters, methods: statistical, methods: data analysis},
     year = 2013,
    month = feb,
   volume = 550,
      eid = {A120},
    pages = {A120},
      doi = {10.1051/0004-6361/201220184},
   adsurl = {http://adsabs.harvard.edu/abs/2013A%26A...550A.120S},
  adsnote = {Provided by the SAO/NASA Astrophysics Data System}
}

@ARTICLE{2009ApJS..185..289R,
   author = {{Rayner}, J.~T. and {Cushing}, M.~C. and {Vacca}, W.~D.},
    title = "{The Infrared Telescope Facility (IRTF) Spectral Library: Cool Stars}",
  journal = {\apjs},
archivePrefix = "arXiv",
   eprint = {0909.0818},
 primaryClass = "astro-ph.SR",
 keywords = {atlases, infrared: stars, stars: AGB and post-AGB, stars: carbon, stars: fundamental parameters, stars: late-type, techniques: spectroscopic},
     year = 2009,
    month = dec,
   volume = 185,
    pages = {289-432},
      doi = {10.1088/0067-0049/185/2/289},
   adsurl = {http://adsabs.harvard.edu/abs/2009ApJS..185..289R},
  adsnote = {Provided by the SAO/NASA Astrophysics Data System}
}


@ARTICLE{cesetti,
   author = {{Cesetti}, M. and {Pizzella}, A. and {Ivanov}, V.~D. and {Morelli}, L. and 
	{Corsini}, E.~M. and {Dalla Bont{\`a}}, E.},
    title = "{The Infrared Telescope Facility (IRTF) spectral library:. Spectral diagnostics for cool stars}",
  journal = {\aap},
archivePrefix = "arXiv",
   eprint = {1211.5572},
 primaryClass = "astro-ph.SR",
 keywords = {infrared: stars, line: identification, stars: abundances, supergiants, stars: late-type, stars: fundamental parameters},
     year = 2013,
    month = jan,
   volume = 549,
      eid = {A129},
    pages = {A129},
      doi = {10.1051/0004-6361/201219078},
   adsurl = {http://adsabs.harvard.edu/abs/2013A%26A...549A.129C},
  adsnote = {Provided by the SAO/NASA Astrophysics Data System}
}


@ARTICLE{hoggCannon,
   author = {{Ness}, M. and {Hogg}, D.~W. and {Rix}, H.-W. and {Ho}, A.~Y.~Q. and 
	{Zasowski}, G.},
    title = "{The Cannon: A Data-driven Approach to Stellar Label Determination}",
  journal = {\apj},
archivePrefix = "arXiv",
   eprint = {1501.07604},
 primaryClass = "astro-ph.SR",
 keywords = {methods: data analysis, methods: statistical, stars: abundances, stars: fundamental parameters, surveys, techniques: spectroscopic},
     year = 2015,
    month = jul,
   volume = 808,
      eid = {16},
    pages = {16},
      doi = {10.1088/0004-637X/808/1/16},
   adsurl = {http://adsabs.harvard.edu/abs/2015ApJ...808...16N},
  adsnote = {Provided by the SAO/NASA Astrophysics Data System}
}


@ARTICLE{heiter,
   author = {{Heiter}, U. and {Jofr{\'e}}, P. and {Gustafsson}, B. and {Korn}, A.~J. and 
	{Soubiran}, C. and {Th{\'e}venin}, F.},
    title = "{Gaia FGK Benchmark Stars: Effective temperatures and surface gravities}",
  journal = {ArXiv e-prints},
archivePrefix = "arXiv",
   eprint = {1506.06095},
 primaryClass = "astro-ph.SR",
 keywords = {Astrophysics - Solar and Stellar Astrophysics},
     year = 2015,
    month = jun,
   adsurl = {http://adsabs.harvard.edu/abs/2015arXiv150606095H},
  adsnote = {Provided by the SAO/NASA Astrophysics Data System}
}

@article{2009ApJ...702..154S,
        Adsnote = {Provided by the SAO/NASA Astrophysics Data System},
        Adsurl = {http://adsabs.harvard.edu/abs/2009ApJ...702..154S},
        Archiveprefix = {arXiv},
        Author = {{Stephens}, D.~C. and {Leggett}, S.~K. and {Cushing}, M.~C. and {Marley}, M.~S. and {Saumon}, D. and {Geballe}, T.~R. and {Golimowski}, D.~A. and {Fan}, X. and {Noll}, K.~S.},
        Doi = {10.1088/0004-637X/702/1/154},
        Eprint = {0906.2991},
        Journal = {\apj},
        Keywords = {stars: individual: 2MASS J00361617+1821104 2MASS J05591914{\ndash}1404488 2MASS J08251968+2115521 2MASS J09083803+5032088 2MASS J15074769{\ndash}1627386 2MASS J22244381{\ndash}0158521 2MASS J22443167+2043433 2MASS J22541892+3123498 DENIS-P J025503.3{\ndash}470049 SDSS J000013.54+255418.6 SDSS J075840.32+324723.3 SDSS J080531.83+481233.1 SDSS J085758.44+570851.4 SDSS J105213.50+442255.6AB SDSS J111009.99+011613.0 SDSS J115553.85+ 055957.5 SDSS J120747.17+024424.8 SDSS J125453.90{\ndash}012247.5 SDSS J133148.88{\ndash}011652.5 SDSS J151643.00+305344.3 SDSS J152039.82+354619.8, stars: low-mass, brown dwarfs},
        Month = sep,
        Pages = {154-170},
        Primaryclass = {astro-ph.SR},
        Title = {{The 0.8-14.5 {$\mu$}m Spectra of Mid-L to Mid-T Dwarfs: Diagnostics of Effective Temperature, Grain Sedimentation, Gas Transport, and Surface Gravity}},
        Volume = 702,
        Year = 2009,
        Bdsk-Url-1 = {http://dx.doi.org/10.1088/0004-637X/702/1/154}}


@ARTICLE{Anaetal,
   author = {{Gonz\'alez}, A. and {Bello}, A. and {Ordieres-Mer\'e}, J. and {Sarro}, L.M.},
    title = "{Evaluation of data compression techniques for the
inference of stellar atmospheric parameters from high
resolution spectra}",
  journal = {\mnras},
  year = {submitted}
}

@article{caret,
   author = {Max Kuhn},
   title = {Building Predictive Models in R Using the caret Package},
   journal = {Journal of Statistical Software, Articles},
   volume = {28},
   number = {5},
   year = {2008},
   keywords = {},
   abstract = {The caret package, short for classification and regression training, contains numerous tools for developing predictive models using the rich set of models available in R. The package focuses on simplifying model training and tuning across a wide variety of modeling techniques. It also includes methods for pre-processing training data, calculating variable importance, and model visualizations. An example from computational chemistry is used to illustrate the functionality on a real data set and to benchmark the benefits of parallel processing with several types of models.},
   issn = {1548-7660},
   pages = {1--26},
   doi = {10.18637/jss.v028.i05},
   url = {https://www.jstatsoft.org/v028/i05}
}

@article{svetnik2003random,
  title={Random forest: a classification and regression tool for compound classification and QSAR modeling},
  author={Svetnik, Vladimir and Liaw, Andy and Tong, Christopher and Culberson, J Christopher and Sheridan, Robert P and Feuston, Bradley P},
  journal={Journal of chemical information and computer sciences},
  volume={43},
  number={6},
  pages={1947--1958},
  year={2003},
  publisher={ACS Publications}
}

@article{meyer2003support,
  title={The support vector machine under test},
  author={Meyer, David and Leisch, Friedrich and Hornik, Kurt},
  journal={Neurocomputing},
  volume={55},
  number={1},
  pages={169--186},
  year={2003},
  publisher={Elsevier}
}

@article{elith2008working,
  title={A working guide to boosted regression trees},
  author={Elith, Jane and Leathwick, John R and Hastie, Trevor},
  journal={Journal of Animal Ecology},
  volume={77},
  number={4},
  pages={802--813},
  year={2008},
  publisher={Wiley Online Library}
}

@article{geman1992neural,
  title={Neural networks and the bias/variance dilemma},
  author={Geman, Stuart and Bienenstock, Elie and Doursat, Ren{\'e}},
  journal={Neural computation},
  volume={4},
  number={1},
  pages={1--58},
  year={1992},
  publisher={MIT Press}
}

@article{baraud2002model,
  title={Model selection for regression on a random design},
  author={Baraud, Yannick},
  journal={ESAIM: Probability and Statistics},
  volume={6},
  pages={127--146},
  year={2002},
  publisher={EDP Sciences}
}

@ARTICLE{1995AJ....109..797K,
	author = {{Kirkpatrick}, J.~D. and {Henry}, T.~J. and {Simons}, D.~A.},
	title = "{The solar neighborhood. 2: The first list of dwarfs with spectral types of M7 and cooler}",
	journal = {\aj},
	keywords = {Classifications, Dwarf Stars, M Stars, Solar Neighborhood, Stellar Spectra, Astronomical Spectroscopy, Radial Velocity, Stellar Luminosity},
	year = 1995,
	month = feb,
	volume = 109,
	pages = {797-807},
	doi = {10.1086/117323},
	adsurl = {http://adsabs.harvard.edu/abs/1995AJ....109..797K},
	adsnote = {Provided by the SAO/NASA Astrophysics Data System}
}

@article{1538-3873-117-833-676,
	author={I. Neill Reid and John E. Gizis},
	title={Probing the LHS Catalog. II. Faint Proper-Motion Stars},
	journal={Publications of the Astronomical Society of the Pacific},
	volume={117},
	number={833},
	pages={676},
	url={http://stacks.iop.org/1538-3873/117/i=833/a=676},
	year={2005},
	abstract={We present low-resolution spectroscopic observations of faint proper-motion stars from the LHS Catalogue, concentrating on stars with m r > 16.5 and ##IMG## [http://ej.iop.org/images/1538-3873/117/833/676/eq1.jpg] {$\mu > 0\farcs 5$} yr –1 . The present paper includes observations and spectral classifications for 294 M dwarfs, M subdwarfs (sdM), and extreme M subdwarfs (esdM). We also identify white dwarfs among the faintest LHS stars. We have cross-referenced this sample against the Two Micron All Sky Survey (2MASS) sources, and list data for the detected objects. We discuss stars of individual interest, as well as the characteristics of the overall sample. As expected, a significant number of the stars in this proper-motion-selected sample are halo subdwarfs, including an esdM dwarf, LHS 3481, that is likely to lie within 20 pc of the Sun. None of the subdwarfs show Hα emission.}
}


@ARTICLE{1994ApJS...94..749K,
	author = {{Kirkpatrick}, J.~D. and {McGraw}, J.~T. and {Hess}, T.~R. and 
	{Liebert}, J. and {McCarthy}, Jr., D.~W.},
	title = "{The luminosity function at the end of the main sequence: Results of a deep, large-area, CCD survey for cool dwarfs}",
	journal = {\apjs},
	keywords = {Cool Stars, Dwarf Stars, Mass To Light Ratios, Sky Surveys (Astronomy), Stellar Luminosity, Stellar Mass, Bolometers, Charge Coupled Devices, M Stars, Metallicity, Missing Mass (Astrophysics)},
	year = 1994,
	month = oct,
	volume = 94,
	pages = {749-788},
	doi = {10.1086/192089},
	adsurl = {http://adsabs.harvard.edu/abs/1994ApJS...94..749K},
	adsnote = {Provided by the SAO/NASA Astrophysics Data System}
}



@article{0004-637X-672-2-1153,
	author={Basmah Riaz and John E. Gizis and Debasmita Samaddar},
	title={Hubble Space Telescope Search for M Subdwarf Binaries},
	journal={The Astrophysical Journal},
	volume={672},
	number={2},
	pages={1153},
	url={http://stacks.iop.org/0004-637X/672/i=2/a=1153},
	year={2008},
	abstract={We present HST ACS observations of 19 nearby M subdwarfs in a search for binary systems. Other than the wide common proper-motion pair LHS 2140/2139, none of our sdM and esdM targets are found to be binaries. Our survey is sensitive to equal-luminosity companions at close (2-8 AU) separations, while substellar secondaries could have been detected at separations in the range of 6-30 AU. To check for wide binaries, we have compared the POSS I and II images in a field of view as large as 10' × 10', but could not detect a single comoving star for any of the targets. Combining our results with those from Gizis & Reid, we have a binary fraction of 3% (1/28). Detection of a small number of M subdwarf binaries reported in the literature suggests a higher fraction than the one obtained here, probably comparable to that found for the more massive solar-type stars in the halo (13%-15%). Comparison with the disk M dwarf fraction (~25%), however, suggests multiplicity to be rare among the lowest mass halo stars, implying the two populations formed under different initial conditions. The low binary fraction in our survey could be explained by selection biases. A decrease in multiplicity has been observed in the disk for masses below 0.1 M ☉ , the peak in the disk mass function (MF). The globular cluster MF is found to peak at about 0.33 M ☉ , with a decrease in the number of stars per unit mass below the peak mass. Our sample being composed of stars with masses between ~0.2 and 0.085 M ☉ suggests that a decrease in multiplicity similar to the disk may also be true for the halo stars, but perhaps below a mass of ~0.3 M ☉ . A higher M subdwarf binary fraction may be obtained if the selected primaries have masses near or higher than the peak in the MF.}
}




@article{0004-637X-669-2-1235,
	author={S\'ebastien L\'epine and R. Michael Rich and Michael M. Shara},
	title={Revised Metallicity Classes for Low-Mass Stars: Dwarfs (dM), Subdwarfs (sdM), Extreme Subdwarfs (esdM), and Ultrasubdwarfs (usdM)},
	journal={The Astrophysical Journal},
	volume={669},
	number={2},
	pages={1235},
	url={http://stacks.iop.org/0004-637X/669/i=2/a=1235},
	year={2007},
	abstract={The current classification system of M stars on the main sequence distinguishes three metallicity classes (dwarfs: dM; subdwarfs: sdM; and extreme subdwarfs: esdM). The spectroscopic definition of these classes is based on the relative strength of prominent CaH and TiO molecular absorption bands near 7000 Å, as quantified by three spectroscopic indices (CaH2, CaH3, and TiO5). The boundaries between the metallicity classes were initially defined from a relatively small sample of only 79 metal-poor stars (subdwarfs and extreme subdwarfs). We re-examine this classification system in light of our ongoing spectroscopic survey of stars with proper motion μ > 0.45'' yr -1 , which has increased the census of spectroscopically identified metal-poor M stars to over 400 objects. Kinematic separation of disk dwarfs and halo subdwarfs suggest deficiencies in the current classification system. Observations of common proper motion doubles indicates that the current dM/sdM and sdM/esdM boundaries in the [TiO5, CaH2+CaH3] index plane do not follow isometallicity contours, leaving some binaries inappropriately classified as dM+sdM or sdM+esdM. We propose a revision of the classification system based on an empirical calibration of the TiO/CaH ratio for stars of near solar metallicity. We introduce the parameter ζ TiO/CaH , which quantifies the weakening of the TiO band strength due to metallicity effect, with values ranging from ζ TiO/CaH = 1 for stars of near-solar metallicity to ζ TiO/CaH ##IMG## [http://ej.iop.org/icons/Entities/simeq.gif] {simeq} 0 for the most metal-poor (and TiO depleted) subdwarfs. We redefine the metallicity classes based on the value of the parameter ζ TiO/CaH and refine the scheme by introducing an additional class of ultrasubdwarfs (usdM). We introduce sequences of sdM, esdM, and usdM stars to be used as formal classification standards.}
}


@article{1538-3881-147-3-61,
	author={Edward L. Wright and J. Davy Kirkpatrick and Christopher R. Gelino and Sergio Fajardo-Acosta and Gregory Mace and Peter
	
	R. Eisenhardt and Daniel Stern and Ian S. McLean and M. F. Skrutskie and Apurva Oza and M. J. Nelson and Michael C.
	
	Cushing and I. Neill Reid and Michele Fumagalli and Adam J. Burgasser},
	title={The First AllWISE Proper Motion Discovery: WISEA J070720.50+170532.7},
	journal={The Astronomical Journal},
	volume={147},
	number={3},
	pages={61},
	url={http://stacks.iop.org/1538-3881/147/i=3/a=61},
	year={2014},
	abstract={While quality checking a new motion-aware co-addition of all 12.5 months of Wide-field Infrared Survey Explorer ( WISE ) data, we found that the source WISE J070720.48+170533.0 moved 0.''9 in six months. Backtracking this motion allowed us to identify this source as 2MASS J07071961+1705464, with several entries in the USNO B catalog. An astrometric fit to these archival data gives a proper motion of μ = 1793 ± 2 mas yr –1 and a parallax of ##IMG## [http://ej.iop.org/icons/Entities/piv.gif] {piv} = 35 ± 42 mas. Photometry from WISE , 2MASS, and the POSS can be fit reasonably well by a blackbody with T = 3658 K and an angular radius of 4.36 × 10 –11 radians. No clear evidence of H 2 collision-induced absorption is seen in the near-infrared. An optical spectrum shows broad deep CaH bands at 638 and 690 nm, broad deep Na D at 598.2 nm, and weak or absent TiO, indicating that this source is an ultra-subdwarf M star with a radial velocity v rad ##IMG## [http://ej.iop.org/icons/Entities/ap.gif] {≈} –21 ± 18 km s –1 relative to the Sun. Given its apparent magnitude, the distance is about 39 ± 9 pc and the tangential velocity is probably ##IMG## [http://ej.iop.org/icons/Entities/ap.gif] {≈} 330 km s –1 , but a more precise parallax is needed to be certain.}
}


@ARTICLE{NevesIII,
	author = {{Neves}, V. and {Bonfils}, X. and {Santos}, N.~C. and {Delfosse}, X. and 
	{Forveille}, T. and {Allard}, F. and {Udry}, S.},
	title = "{Metallicity of M dwarfs. III. Planet-metallicity and planet-stellar mass correlations of the HARPS GTO M dwarf sample}",
	journal = {\aap},
	archivePrefix = "arXiv",
	eprint = {1212.3372},
	primaryClass = "astro-ph.SR",
	keywords = {stars: fundamental parameters, stars: late-type, stars: low-mass, stars: atmospheres, planetary systems},
	year = 2013,
	month = mar,
	volume = 551,
	eid = {A36},
	pages = {A36},
	doi = {10.1051/0004-6361/201220574},
	adsurl = {http://cdsads.u-strasbg.fr/abs/2013A%26A...551A..36N},
	adsnote = {Provided by the SAO/NASA Astrophysics Data System}
}


@ARTICLE{RA2012,
	author = {{Rojas-Ayala}, B. and {Covey}, K.~R. and {Muirhead}, P.~S. and 
	{Lloyd}, J.~P.},
	title = "{Metallicity and Temperature Indicators in M Dwarf K-band Spectra: Testing New and Updated Calibrations with Observations of 133 Solar Neighborhood M Dwarfs}",
	journal = {\apj},
	archivePrefix = "arXiv",
	eprint = {1112.4567},
	primaryClass = "astro-ph.SR",
	keywords = {stars: abundances, stars: fundamental parameters, stars: late-type},
	year = 2012,
	month = apr,
	volume = 748,
	eid = {93},
	pages = {93},
	doi = {10.1088/0004-637X/748/2/93},
	adsurl = {http://cdsads.u-strasbg.fr/abs/2012ApJ...748...93R},
	adsnote = {Provided by the SAO/NASA Astrophysics Data System}
}


@ARTICLE{Mann2015,
	author = {{Mann}, A.~W. and {Feiden}, G.~A. and {Gaidos}, E. and {Boyajian}, T. and 
	{von Braun}, K.},
	title = "{How to Constrain Your M Dwarf: Measuring Effective Temperature, Bolometric Luminosity, Mass, and Radius}",
	journal = {\apj},
	archivePrefix = "arXiv",
	eprint = {1501.01635},
	primaryClass = "astro-ph.SR",
	keywords = {planetary systems, stars: abundances, stars: fundamental parameters, stars: late-type, stars: low-mass, stars: statistics},
	year = 2015,
	month = may,
	volume = 804,
	eid = {64},
	pages = {64},
	doi = {10.1088/0004-637X/804/1/64},
	adsurl = {http://cdsads.u-strasbg.fr/abs/2015ApJ...804...64M},
	adsnote = {Provided by the SAO/NASA Astrophysics Data System}
}


@ARTICLE{Newton2014,
	author = {{Newton}, E.~R. and {Charbonneau}, D. and {Irwin}, J. and {Berta-Thompson}, Z.~K. and 
	{Rojas-Ayala}, B. and {Covey}, K. and {Lloyd}, J.~P.},
	title = "{Near-infrared Metallicities, Radial Velocities, and Spectral Types for 447 Nearby M Dwarfs}",
	journal = {\aj},
	archivePrefix = "arXiv",
	eprint = {1310.1087},
	primaryClass = "astro-ph.SR",
	keywords = {stars: abundances, stars: fundamental parameters, stars: kinematics and dynamics, stars: late-type, stars: low-mass, techniques: radial velocities},
	year = 2014,
	month = jan,
	volume = 147,
	eid = {20},
	pages = {20},
	doi = {10.1088/0004-6256/147/1/20},
	adsurl = {http://cdsads.u-strasbg.fr/abs/2014AJ....147...20N},
	adsnote = {Provided by the SAO/NASA Astrophysics Data System}
}

@ARTICLE{Gaidos2015,
	author = {{Gaidos}, E. and {Mann}, A.~W. and {Lepine}, S. and {Buccino}, A. and 
	{James}, D. and {Ansdell}, M. and {Petrucci}, R. and {Mauas}, P. and 
	{Hilton}, E.~J.},
	title = "{VizieR Online Data Catalog: CONCH-SHELL catalog of nearby M dwarfs (Gaidos+, 2014)}",
	journal = {VizieR Online Data Catalog},
	keywords = {Stars: nearby, Stars: M-type, Photometry: SDSS, Photometry: infrared, Equivalent widths},
	year = 2015,
	month = apr,
	volume = 744,
	adsurl = {http://adsabs.harvard.edu/abs/2015yCat..74432561G},
	adsnote = {Provided by the SAO/NASA Astrophysics Data System}
}


@ARTICLE{Jao,
	author = {{Jao}, W.-C. and {Henry}, T.~J. and {Subasavage}, J.~P. and 
	{Brown}, M.~A. and {Ianna}, P.~A. and {Bartlett}, J.~L. and 
	{Costa}, E. and {M{\'e}ndez}, R.~A.},
	title = "{The Solar Neighborhood. XIII. Parallax Results from the CTIOPI 0.9 Meter Program: Stars with {$\mu$} $\gt$= 1.0'' yr$^{-1}$ (MOTION Sample)}",
	journal = {\aj},
	eprint = {astro-ph/0502167},
	keywords = {Astrometry, Galaxy: Solar Neighborhood, Stars: Distances, Techniques: Photometric, Stars: White Dwarfs},
	year = 2005,
	month = apr,
	volume = 129,
	pages = {1954-1967},
	doi = {10.1086/428489},
	adsurl = {http://cdsads.u-strasbg.fr/abs/2005AJ....129.1954J},
	adsnote = {Provided by the SAO/NASA Astrophysics Data System}
}

@ARTICLE{2016A&A...587A..19P,
   author = {{Passegger}, V.~M. and {Wende-von Berg}, S. and {Reiners}, A.
	},
    title = "{Fundamental M-dwarf parameters from high-resolution spectra using PHOENIX ACES models. I. Parameter accuracy and benchmark stars}",
  journal = {\aap},
archivePrefix = "arXiv",
   eprint = {1601.01877},
 primaryClass = "astro-ph.SR",
 keywords = {stars: low-mass, line: formation, stars: atmospheres, brown dwarfs, line: profiles, techniques: spectroscopic},
     year = 2016,
    month = mar,
   volume = 587,
      eid = {A19},
    pages = {A19},
      doi = {10.1051/0004-6361/201322261},
   adsurl = {http://adsabs.harvard.edu/abs/2016A%26A...587A..19P},
  adsnote = {Provided by the SAO/NASA Astrophysics Data System}
}

@ARTICLE{2003A&A...397L...5S,
   author = {{S{\'e}gransan}, D. and {Kervella}, P. and {Forveille}, T. and 
	{Queloz}, D.},
    title = "{First radius measurements of very low mass stars with the VLTI}",
  journal = {\aap},
   eprint = {astro-ph/0211647},
 keywords = {stars: low-mass, brown dwarfs, stars: fundamental parameters, techniques: interferometric},
     year = 2003,
    month = jan,
   volume = 397,
    pages = {L5-L8},
      doi = {10.1051/0004-6361:20021714},
   adsurl = {http://adsabs.harvard.edu/abs/2003A%26A...397L...5S},
  adsnote = {Provided by the SAO/NASA Astrophysics Data System}
}

   @ARTICLE{2014AJ....147...47B,
   author = {{Boyajian}, T.~S. and {van Belle}, G. and {von Braun}, K.},
    title = "{Stellar Diameters and Temperatures. IV. Predicting Stellar Angular Diameters}",
  journal = {\aj},
archivePrefix = "arXiv",
   eprint = {1311.4901},
 primaryClass = "astro-ph.SR",
 keywords = {Hertzsprung-Russell and C-M diagrams, planetary systems, stars: early-type, stars: fundamental parameters, stars: general, stars: late-type},
     year = 2014,
    month = mar,
   volume = 147,
      eid = {47},
    pages = {47},
      doi = {10.1088/0004-6256/147/3/47},
   adsurl = {http://adsabs.harvard.edu/abs/2014AJ....147...47B},
  adsnote = {Provided by the SAO/NASA Astrophysics Data System}
}


@ARTICLE{1995ApJS..101..309C,
   author = {{Charbonneau}, P.},
    title = "{Genetic Algorithms in Astronomy and Astrophysics}",
  journal = {\apjs},
 keywords = {GALAXIES: KINEMATICS AND DYNAMICS, METHODS: NUMERICAL, STARS: MASS LOSS, STARS: OSCILLATIONS},
     year = 1995,
    month = dec,
   volume = 101,
    pages = {309},
      doi = {10.1086/192242},
   adsurl = {http://adsabs.harvard.edu/abs/1995ApJS..101..309C},
  adsnote = {Provided by the SAO/NASA Astrophysics Data System}
}

  @Manual{R2016,
    title = {R: A Language and Environment for Statistical Computing},
    author = {{R Core Team}},
    organization = {R Foundation for Statistical Computing},
    address = {Vienna, Austria},
    year = {2016},
    url = {https://www.R-project.org/},
  }



@article{Dietterich:1995:OUM:212094.212114,
 author = {Dietterich, Tom},
 title = {Overfitting and Undercomputing in Machine Learning},
 journal = {ACM Comput. Surv.},
 issue_date = {Sept. 1995},
 volume = {27},
 number = {3},
 month = sep,
 year = {1995},
 issn = {0360-0300},
 pages = {326--327},
 numpages = {2},
 url = {http://doi.acm.org/10.1145/212094.212114},
 doi = {10.1145/212094.212114},
 acmid = {212114},
 publisher = {ACM},
 address = {New York, NY, USA},
} 

@book{1996imsa.book.....O,
  title={An Introduction to Modern Stellar Astrophysics},
  author={Ostlie, D.A. and Carroll, B.W.},
  isbn={9780805303483},
  lccn={2006015396},
  url={https://books.google.es/books?id=BNpFAQAAIAAJ},
  year={2007},
  publisher={Pearson Addison-Wesley}
}

@ARTICLE{2013A&A...556A..15R,
   author = {{Rajpurohit}, A.~S. and {Reyl{\'e}}, C. and {Allard}, F. and 
	{Homeier}, D. and {Schultheis}, M. and {Bessell}, M.~S. and 
	{Robin}, A.~C.},
    title = "{The effective temperature scale of M dwarfs}",
  journal = {\aap},
archivePrefix = "arXiv",
   eprint = {1304.4072},
 primaryClass = "astro-ph.SR",
 keywords = {stars: atmospheres, stars: low-mass, stars: fundamental parameters},
     year = 2013,
    month = aug,
   volume = 556,
      eid = {A15},
    pages = {A15},
      doi = {10.1051/0004-6361/201321346},
   adsurl = {http://adsabs.harvard.edu/abs/2013A%26A...556A..15R},
  adsnote = {Provided by the SAO/NASA Astrophysics Data System}
}


@ARTICLE{2012ApJ...757..112B,
   author = {{Boyajian}, T.~S. and {von Braun}, K. and {van Belle}, G. and 
	{McAlister}, H.~A. and {ten Brummelaar}, T.~A. and {Kane}, S.~R. and 
	{Muirhead}, P.~S. and {Jones}, J. and {White}, R. and {Schaefer}, G. and 
	{Ciardi}, D. and {Henry}, T. and {L{\'o}pez-Morales}, M. and 
	{Ridgway}, S. and {Gies}, D. and {Jao}, W.-C. and {Rojas-Ayala}, B. and 
	{Parks}, J.~R. and {Sturmann}, L. and {Sturmann}, J. and {Turner}, N.~H. and 
	{Farrington}, C. and {Goldfinger}, P.~J. and {Berger}, D.~H.
	},
    title = "{Stellar Diameters and Temperatures. II. Main-sequence K- and M-stars}",
  journal = {\apj},
archivePrefix = "arXiv",
   eprint = {1208.2431},
 primaryClass = "astro-ph.SR",
 keywords = {Hertzsprung-Russell and C-M diagrams, infrared: stars, planetary systems, stars: atmospheres, stars: fundamental parameters, stars: general, stars: late-type, stars: low-mass, techniques: high angular resolution, techniques: interferometric},
     year = 2012,
    month = oct,
   volume = 757,
      eid = {112},
    pages = {112},
      doi = {10.1088/0004-637X/757/2/112},
   adsurl = {http://adsabs.harvard.edu/abs/2012ApJ...757..112B},
  adsnote = {Provided by the SAO/NASA Astrophysics Data System}
}

@Manual{R,
title = {R: A Language and Environment for Statistical Computing},
author = {{R Development Core Team}},
organization = {R Foundation for Statistical Computing},
address = {Vienna, Austria},
year = 2011,
note = {{ISBN} 3-900051-07-0},
url = {http://www.R-project.org}
}


@ARTICLE{2017MNRAS.465.4556G,
   author = {{Gonz{\'a}lez-Marcos}, A. and {Sarro}, L.~M. and {Ordieres-Mer{\'e}}, J. and 
	{Bello-Garc{\'{\i}}a}, A.},
    title = "{Evaluation of data compression techniques for the inference of stellar atmospheric parameters from high-resolution spectra}",
  journal = {\mnras},
 keywords = {methods: data analysis, methods: statistical, stars: fundamental parameters},
     year = 2017,
    month = mar,
   volume = 465,
    pages = {4556-4571},
      doi = {10.1093/mnras/stw3031},
   adsurl = {http://adsabs.harvard.edu/abs/2017MNRAS.465.4556G},
  adsnote = {Provided by the SAO/NASA Astrophysics Data System}
}


@ARTICLE{Raj2013,
   author = {{Rajpurohit}, A.~S. and {Reyl{\'e}}, C. and {Allard}, F. and 
	{Homeier}, D. and {Schultheis}, M. and {Bessell}, M.~S. and 
	{Robin}, A.~C.},
    title = "{The effective temperature scale of M dwarfs}",
  journal = {\aap},
archivePrefix = "arXiv",
   eprint = {1304.4072},
 primaryClass = "astro-ph.SR",
 keywords = {stars: atmospheres, stars: low-mass, stars: fundamental parameters},
     year = 2013,
    month = aug,
   volume = 556,
      eid = {A15},
    pages = {A15},
      doi = {10.1051/0004-6361/201321346},
   adsurl = {http://adsabs.harvard.edu/abs/2013A%26A...556A..15R},
  adsnote = {Provided by the SAO/NASA Astrophysics Data System}
}


@ARTICLE{Bayo2017,
   author = {{Bayo}, A. and {Barrado}, D. and {Allard}, F. and {Henning}, T. and 
	{Comer{\'o}n}, F. and {Morales-Calder{\'o}n}, M. and {Rajpurohit}, A.~S. and 
	{Pe{\~n}a Ram{\'{\i}}rez}, K. and {Beam{\'{\i}}n}, J.~C.},
    title = "{Physical parameters of late M-type members of Chamaeleon I and TW Hydrae Association: dust settling, age dispersion and activity}",
  journal = {\mnras},
archivePrefix = "arXiv",
   eprint = {1610.06951},
 primaryClass = "astro-ph.SR",
 keywords = {brown dwarfs, stars: formation, stars: fundamental parameters, stars: low-mass, stars: pre-main-sequence},
     year = 2017,
    month = feb,
   volume = 465,
    pages = {760-783},
      doi = {10.1093/mnras/stw2760},
   adsurl = {http://adsabs.harvard.edu/abs/2017MNRAS.465..760B},
  adsnote = {Provided by the SAO/NASA Astrophysics Data System}
}


@ARTICLE{2010AJ....139.2679B,
   author = {{Bochanski}, J.~J. and {Hawley}, S.~L. and {Covey}, K.~R. and 
	{West}, A.~A. and {Reid}, I.~N. and {Golimowski}, D.~A. and 
	{Ivezi{\'c}}, {\v Z}.},
    title = "{The Luminosity and Mass Functions of Low-mass Stars in the Galactic Disk. II. The Field}",
  journal = {\aj},
archivePrefix = "arXiv",
   eprint = {1004.4002},
 primaryClass = "astro-ph.SR",
 keywords = {brown dwarfs, Galaxy: stellar content, Galaxy: structure, stars: fundamental parameters, stars: late-type, stars: low-mass, stars: luminosity function, mass function},
     year = 2010,
    month = jun,
   volume = 139,
      eid = {2679-2699},
    pages = {2679-2699},
      doi = {10.1088/0004-6256/139/6/2679},
   adsurl = {http://adsabs.harvard.edu/abs/2010AJ....139.2679B},
  adsnote = {Provided by the SAO/NASA Astrophysics Data System}
}

@article{Shields20161,
title = "The habitability of planets orbiting M-dwarf stars ",
journal = "Physics Reports ",
volume = "663",
number = "",
pages = "1 - 38",
year = "2016",
note = "The habitability of planets orbiting M-dwarf stars ",
issn = "0370-1573",
doi = "https://doi.org/10.1016/j.physrep.2016.10.003",
url = "http://www.sciencedirect.com/science/article/pii/S0370157316303179",
author = "Aomawa L. Shields and Sarah Ballard and John Asher Johnson",
keywords = "Extrasolar planets",
keywords = "M-dwarf stars",
keywords = "Habitability",
keywords = "Astrobiology "
}

@ARTICLE{2015A&A...577A.128A,
   author = {{Alonso-Floriano}, F.~J. and {Morales}, J.~C. and {Caballero}, J.~A. and 
	{Montes}, D. and {Klutsch}, A. and {Mundt}, R. and {Cort{\'e}s-Contreras}, M. and 
	{Ribas}, I. and {Reiners}, A. and {Amado}, P.~J. and {Quirrenbach}, A. and 
	{Jeffers}, S.~V.},
    title = "{CARMENES input catalogue of M dwarfs. I. Low-resolution spectroscopy with CAFOS}",
  journal = {\aap},
archivePrefix = "arXiv",
   eprint = {1502.07580},
 primaryClass = "astro-ph.SR",
 keywords = {stars: activity, stars: late-type, stars: low-mass},
     year = 2015,
    month = may,
   volume = 577,
      eid = {A128},
    pages = {A128},
      doi = {10.1051/0004-6361/201525803},
   adsurl = {http://adsabs.harvard.edu/abs/2015A%26A...577A.128A},
  adsnote = {Provided by the SAO/NASA Astrophysics Data System}
}


@ARTICLE{2013AN....334....4T,
   author = {{Torres}, G.},
    title = "{Fundamental properties of lower main-sequence stars}",
  journal = {Astronomische Nachrichten},
archivePrefix = "arXiv",
   eprint = {1209.1279},
 primaryClass = "astro-ph.SR",
 keywords = {binaries: eclipsing, binaries: spectroscopic, stars: evolution, stars: late-type, starspots},
     year = 2013,
    month = feb,
   volume = 334,
    pages = {4},
      doi = {10.1002/asna.201211743},
   adsurl = {http://adsabs.harvard.edu/abs/2013AN....334....4T},
  adsnote = {Provided by the SAO/NASA Astrophysics Data System}
}


@ARTICLE{2008ApJ...676.1262B,
   author = {{Browning}, M.~K.},
    title = "{Simulations of Dynamo Action in Fully Convective Stars}",
  journal = {\apj},
archivePrefix = "arXiv",
   eprint = {0712.1603},
 keywords = {convection, MHD, stars: low-mass, brown dwarfs, stars: magnetic fields, turbulence },
     year = 2008,
    month = apr,
   volume = 676,
      eid = {1262-1280},
    pages = {1262-1280},
      doi = {10.1086/527432},
   adsurl = {http://adsabs.harvard.edu/abs/2008ApJ...676.1262B},
  adsnote = {Provided by the SAO/NASA Astrophysics Data System}
}


@ARTICLE{2014A&A...568A.121N,
   author = {{Neves}, V. and {Bonfils}, X. and {Santos}, N.~C. and {Delfosse}, X. and 
	{Forveille}, T. and {Allard}, F. and {Udry}, S.},
    title = "{Metallicity of M dwarfs. IV. A high-precision [Fe/H] and T$_{eff}$ technique from high-resolution optical spectra for M dwarfs}",
  journal = {\aap},
archivePrefix = "arXiv",
   eprint = {1406.6127},
 primaryClass = "astro-ph.SR",
 keywords = {stars: atmospheres, stars: fundamental parameters, stars: late-type, stars: low-mass, methods: data analysis},
     year = 2014,
    month = aug,
   volume = 568,
      eid = {A121},
    pages = {A121},
      doi = {10.1051/0004-6361/201424139},
   adsurl = {http://adsabs.harvard.edu/abs/2014A%26A...568A.121N},
  adsnote = {Provided by the SAO/NASA Astrophysics Data System}
}


@ARTICLE{2012A&A...538A..25N,
   author = {{Neves}, V. and {Bonfils}, X. and {Santos}, N.~C. and {Delfosse}, X. and 
	{Forveille}, T. and {Allard}, F. and {Nat{\'a}rio}, C. and {Fernandes}, C.~S. and 
	{Udry}, S.},
    title = "{Metallicity of M dwarfs. II. A comparative study of photometric metallicity scales}",
  journal = {\aap},
archivePrefix = "arXiv",
   eprint = {1110.2694},
 primaryClass = "astro-ph.SR",
 keywords = {stars: late-type, stars: fundamental parameters, binaries: general, planetary systems, stars: atmospheres},
     year = 2012,
    month = feb,
   volume = 538,
      eid = {A25},
    pages = {A25},
      doi = {10.1051/0004-6361/201118115},
   adsurl = {http://adsabs.harvard.edu/abs/2012A%26A...538A..25N},
  adsnote = {Provided by the SAO/NASA Astrophysics Data System}
}


@ARTICLE{2008MNRAS.389..585C,
   author = {{Casagrande}, L. and {Flynn}, C. and {Bessell}, M.},
    title = "{M dwarfs: effective temperatures, radii and metallicities}",
  journal = {\mnras},
archivePrefix = "arXiv",
   eprint = {0806.2471},
 keywords = {stars: abundances , stars: atmospheres , stars: fundamental parameters , Hertzsprung-Russell (HR) diagram , stars: low-mass, brown dwarf , infrared: stars},
     year = 2008,
    month = sep,
   volume = 389,
    pages = {585-607},
      doi = {10.1111/j.1365-2966.2008.13573.x},
   adsurl = {http://adsabs.harvard.edu/abs/2008MNRAS.389..585C},
  adsnote = {Provided by the SAO/NASA Astrophysics Data System}
}


@ARTICLE{2015ApJ...800...85N,
   author = {{Newton}, E.~R. and {Charbonneau}, D. and {Irwin}, J. and {Mann}, A.~W.
	},
    title = "{An Empirical Calibration to Estimate Cool Dwarf Fundamental Parameters from H-band Spectra}",
  journal = {\apj},
archivePrefix = "arXiv",
   eprint = {1412.2758},
 primaryClass = "astro-ph.SR",
 keywords = {stars: atmospheres, binaries: general, stars: fundamental parameters, stars: low-mass},
     year = 2015,
    month = feb,
   volume = 800,
      eid = {85},
    pages = {85},
      doi = {10.1088/0004-637X/800/2/85},
   adsurl = {http://adsabs.harvard.edu/abs/2015ApJ...800...85N},
  adsnote = {Provided by the SAO/NASA Astrophysics Data System}
}

@ARTICLE{2013A&A...556A.110B,
   author = {{Bonfils}, X. and {Lo Curto}, G. and {Correia}, A.~C.~M. and
    {Laskar}, J. and {Udry}, S. and {Delfosse}, X. and {Forveille}, T. and
    {Astudillo-Defru}, N. and {Benz}, W. and {Bouchy}, F. and {Gillon}, M. and
    {H{\'e}brard}, G. and {Lovis}, C. and {Mayor}, M. and {Moutou}, C. and
    {Naef}, D. and {Neves}, V. and {Pepe}, F. and {Perrier}, C. and
    {Queloz}, D. and {Santos}, N.~C. and {S{\'e}gransan}, D.},
    title = "{The HARPS search for southern extra-solar planets. XXXIV. A planetary system around the nearby M dwarf <ASTROBJ>GJ 163</ASTROBJ>, with a super-Earth possibly in the habitable zone}",
  journal = {\aap},
archivePrefix = "arXiv",
   eprint = {1306.0904},
 primaryClass = "astro-ph.EP",
 keywords = {techniques: radial velocities, stars: late-type, planetary systems, stars: individual: GJ 163},
     year = 2013,
    month = aug,
   volume = 556,
      eid = {A110},
    pages = {A110},
      doi = {10.1051/0004-6361/201220237},
   adsurl = {http://adsabs.harvard.edu/abs/2013A%26A...556A.110B},
  adsnote = {Provided by the SAO/NASA Astrophysics Data System}
}


@ARTICLE{2013A&A...550A..74D,
   author = {{De Geyter}, G. and {Baes}, M. and {Fritz}, J. and {Camps}, P.
	},
    title = "{FitSKIRT: genetic algorithms to automatically fit dusty galaxies with a Monte Carlo radiative transfer code}",
  journal = {\aap},
archivePrefix = "arXiv",
   eprint = {1212.0538},
 keywords = {radiative transfer, dust, extinction, galaxies: structure, galaxies: individual: NGC 4013},
     year = 2013,
    month = feb,
   volume = 550,
      eid = {A74},
    pages = {A74},
      doi = {10.1051/0004-6361/201220126},
   adsurl = {http://adsabs.harvard.edu/abs/2013A%26A...550A..74D},
  adsnote = {Provided by the SAO/NASA Astrophysics Data System}
}

@inproceedings{Hyvarinen:1998:NAD:302528.302606,
 author = {Hyv\"{a}rinen, Aapo},
 title = {New Approximations of Differential Entropy for Independent Component Analysis and Projection Pursuit},
 booktitle = {Proceedings of the 1997 Conference on Advances in Neural Information Processing Systems 10},
 series = {NIPS '97},
 year = {1998},
 isbn = {0-262-10076-2},
 location = {Denver, Colorado, USA},
 pages = {273--279},
 numpages = {7},
 url = {http://dl.acm.org/citation.cfm?id=302528.302606},
 acmid = {302606},
 publisher = {MIT Press},
 address = {Cambridge, MA, USA},
} 

@ARTICLE{esm1,
   author = {{Lindgren}, S. and {Heiter}, U. and {Seifahrt}, A.},
    title = "{Metallicity determination of M dwarfs. High-resolution infrared spectroscopy}",
  journal = {\aap},
archivePrefix = "arXiv",
   eprint = {1510.06642},
 primaryClass = "astro-ph.SR",
 keywords = {stars: abundances, stars: low-mass, techniques: spectroscopic},
     year = 2016,
    month = feb,
   volume = 586,
      eid = {A100},
    pages = {A100},
      doi = {10.1051/0004-6361/201526602},
   adsurl = {http://adsabs.harvard.edu/abs/2016A%26A...586A.100L},
  adsnote = {Provided by the SAO/NASA Astrophysics Data System}
}


@ARTICLE{esm2,
   author = {{Lindgren}, S. and {Heiter}, U.},
    title = "{Metallicity determination of M dwarfs. Expanded parameter range in metallicity and effective temperature}",
  journal = {\aap},
archivePrefix = "arXiv",
   eprint = {1705.08785},
 primaryClass = "astro-ph.SR",
 keywords = {stars: low-mass, stars: abundances, techniques: spectroscopic},
     year = 2017,
    month = aug,
   volume = 604,
      eid = {A97},
    pages = {A97},
      doi = {10.1051/0004-6361/201730715},
   adsurl = {http://adsabs.harvard.edu/abs/2017A%26A...604A..97L},
  adsnote = {Provided by the SAO/NASA Astrophysics Data System}
}

@ARTICLE{2013AJ....145...52M,
   author = {{Mann}, A.~W. and {Brewer}, J.~M. and {Gaidos}, E. and {L{\'e}pine}, S. and 
	{Hilton}, E.~J.},
    title = "{Prospecting in Late-type Dwarfs: A Calibration of Infrared and Visible Spectroscopic Metallicities of Late K and M Dwarfs Spanning 1.5 dex}",
  journal = {\aj},
archivePrefix = "arXiv",
   eprint = {1211.4630},
 primaryClass = "astro-ph.SR",
 keywords = {binaries: visual, stars: abundances, stars: fundamental parameters, stars: late-type, techniques: spectroscopic},
     year = 2013,
    month = feb,
   volume = 145,
      eid = {52},
    pages = {52},
      doi = {10.1088/0004-6256/145/2/52},
   adsurl = {http://adsabs.harvard.edu/abs/2013AJ....145...52M},
  adsnote = {Provided by the SAO/NASA Astrophysics Data System}
}


@ARTICLE{2015ApJ...807...45D,
   author = {{Dressing}, C.~D. and {Charbonneau}, D.},
    title = "{The Occurrence of Potentially Habitable Planets Orbiting M Dwarfs Estimated from the Full Kepler Dataset and an Empirical Measurement of the Detection Sensitivity}",
  journal = {\apj},
archivePrefix = "arXiv",
   eprint = {1501.01623},
 primaryClass = "astro-ph.EP",
 keywords = {catalogs, methods: data analysis, planetary systems, stars: low-mass, surveys, techniques: photometric},
     year = 2015,
    month = jul,
   volume = 807,
      eid = {45},
    pages = {45},
      doi = {10.1088/0004-637X/807/1/45},
   adsurl = {http://adsabs.harvard.edu/abs/2015ApJ...807...45D},
  adsnote = {Provided by the SAO/NASA Astrophysics Data System}
}


@ARTICLE{2005AN....326..913A,
   author = {{Adams}, F.~C. and {Bodenheimer}, P. and {Laughlin}, G.},
    title = "{M dwarfs: planet formation and long term evolution}",
  journal = {Astronomische Nachrichten},
 keywords = {planets: formation, protoplanetary disks, stars: formation, evolution, stars: late-type (M dwarfs, red giants)},
     year = 2005,
    month = dec,
   volume = 326,
    pages = {913-919},
      doi = {10.1002/asna.200510440},
   adsurl = {http://adsabs.harvard.edu/abs/2005AN....326..913A},
  adsnote = {Provided by the SAO/NASA Astrophysics Data System}
}

@book{gelman2013bayesian,
  title={Bayesian Data Analysis, Third Edition},
  author={Gelman, A. and Carlin, J.B. and Stern, H.S. and Dunson, D.B. and Vehtari, A. and Rubin, D.B.},
  isbn={9781439840955},
  lccn={2013039507},
  series={Chapman \& Hall/CRC Texts in Statistical Science},
  url={https://books.google.es/books?id=ZXL6AQAAQBAJ},
  year={2013},
  publisher={Taylor \& Francis}
}


@INPROCEEDINGS{2012EAS....57....3A,
   author = {{Allard}, F. and {Homeier}, D. and {Freytag}, B. and {Sharp}, C.~M.
	},
    title = "{Atmospheres From Very Low-Mass Stars to Extrasolar Planets}",
booktitle = {EAS Publications Series},
     year = 2012,
   series = {EAS Publications Series},
   volume = 57,
archivePrefix = "arXiv",
   eprint = {1206.1021},
 primaryClass = "astro-ph.SR",
   editor = {{Reyl{\'e}}, C. and {Charbonnel}, C. and {Schultheis}, M.},
    month = nov,
    pages = {3-43},
      doi = {10.1051/eas/1257001},
   adsurl = {http://adsabs.harvard.edu/abs/2012EAS....57....3A},
  adsnote = {Provided by the SAO/NASA Astrophysics Data System}
}


@ARTICLE{2012RSPTA.370.2765A,
   author = {{Allard}, F. and {Homeier}, D. and {Freytag}, B.},
    title = "{Models of very-low-mass stars, brown dwarfs and exoplanets}",
  journal = {Philosophical Transactions of the Royal Society of London Series A},
archivePrefix = "arXiv",
   eprint = {1112.3591},
 primaryClass = "astro-ph.SR",
     year = 2012,
    month = jun,
   volume = 370,
    pages = {2765-2777},
      doi = {10.1098/rsta.2011.0269},
   adsurl = {http://adsabs.harvard.edu/abs/2012RSPTA.370.2765A},
  adsnote = {Provided by the SAO/NASA Astrophysics Data System}
}

