
@ARTICLE{2013arXiv1306.3709B,
   author = {{Bonnefoy}, M. and {Chauvin}, G. and {Lagrange}, A.-M. and {Rojo}, P. and 
	{Allard}, F. and {Pinte}, C. and {Dumas}, C. and {Homeier}, D.
	},
    title = "{A library of near-infrared integral field spectra of young M-L dwarfs}",
  journal = {ArXiv e-prints},
archivePrefix = "arXiv",
   eprint = {1306.3709},
 primaryClass = "astro-ph.SR",
 keywords = {Astrophysics - Solar and Stellar Astrophysics, Astrophysics - Earth and Planetary Astrophysics},
     year = 2013,
    month = jun,
   adsurl = {http://adsabs.harvard.edu/abs/2013arXiv1306.3709B},
  adsnote = {Provided by the SAO/NASA Astrophysics Data System}
}


@ARTICLE{2012ApJ...748...93R,
   author = {{Rojas-Ayala}, B. and {Covey}, K.~R. and {Muirhead}, P.~S. and 
	{Lloyd}, J.~P.},
    title = "{Metallicity and Temperature Indicators in M Dwarf K-band Spectra: Testing New and Updated Calibrations with Observations of 133 Solar Neighborhood M Dwarfs}",
  journal = {\apj},
archivePrefix = "arXiv",
   eprint = {1112.4567},
 primaryClass = "astro-ph.SR",
 keywords = {stars: abundances, stars: fundamental parameters, stars: late-type},
     year = 2012,
    month = apr,
   volume = 748,
      eid = {93},
    pages = {93},
      doi = {10.1088/0004-637X/748/2/93},
   adsurl = {http://adsabs.harvard.edu/abs/2012ApJ...748...93R},
  adsnote = {Provided by the SAO/NASA Astrophysics Data System}
}


@ARTICLE{2009ApJS..185..289R,
   author = {{Rayner}, J.~T. and {Cushing}, M.~C. and {Vacca}, W.~D.},
    title = "{The Infrared Telescope Facility (IRTF) Spectral Library: Cool Stars}",
  journal = {\apjs},
archivePrefix = "arXiv",
   eprint = {0909.0818},
 primaryClass = "astro-ph.SR",
 keywords = {atlases, infrared: stars, stars: AGB and post-AGB, stars: carbon, stars: fundamental parameters, stars: late-type, techniques: spectroscopic},
     year = 2009,
    month = dec,
   volume = 185,
    pages = {289-432},
      doi = {10.1088/0067-0049/185/2/289},
   adsurl = {http://adsabs.harvard.edu/abs/2009ApJS..185..289R},
  adsnote = {Provided by the SAO/NASA Astrophysics Data System}
}

@article{Kirkpatrick:2002eh,
      author         = "Kirkpatrick, J. Davy",
      title          = "{2MASS data mining and the M, L, and T dwarf archives}",
      year           = "2002",
      eprint         = "astro-ph/0207672",
      archivePrefix  = "arXiv",
      primaryClass   = "astro-ph",
      SLACcitation   = "%%CITATION = ASTRO-PH/0207672;%%",
}

@ARTICLE{1994AJ....108.1437H,
   author = {{Henry}, T.~J. and {Kirkpatrick}, J.~D. and {Simons}, D.~A.},
    title = "{The solar neighborhood, 1: Standard spectral types (K5-M8) for northern dwarfs within eight parsecs}",
  journal = {\aj},
 keywords = {Astronomical Spectroscopy, Late Stars, Light (Visible Radiation), Red Dwarf Stars, Stellar Spectra, Visible Spectrum, Astronomical Photometry, Spectroscopic Telescopes, Stellar Magnitude},
     year = 1994,
    month = oct,
   volume = 108,
    pages = {1437-1444},
      doi = {10.1086/117167},
   adsurl = {http://adsabs.harvard.edu/abs/1994AJ....108.1437H},
  adsnote = {Provided by the SAO/NASA Astrophysics Data System}
}

@ARTICLE{2013MSAIS..24..128A,
   author = {{Allard}, F. and {Homeier}, D. and {Freytag}, B. and {Schaffenberger} and 
	{}, W. and {Rajpurohit}, A.~S.},
    title = "{Progress in modeling very low mass stars, brown dwarfs, and planetary mass objects.}",
  journal = {Memorie della Societa Astronomica Italiana Supplementi},
archivePrefix = "arXiv",
   eprint = {1302.6559},
 primaryClass = "astro-ph.SR",
 keywords = {Stars: atmospheres, M dwarfs, Brown Dwarfs, Extrasolar Planets},
     year = 2013,
   volume = 24,
    pages = {128},
   adsurl = {http://adsabs.harvard.edu/abs/2013MSAIS..24..128A},
  adsnote = {Provided by the SAO/NASA Astrophysics Data System}
}

@article{fuhrmeister2005phoenix,
  title={PHOENIX model chromospheres of mid-to late-type M dwarfs},
  author={Fuhrmeister, B and Schmitt, JHMM and Hauschildt, PH},
  journal={arXiv preprint astro-ph/0505375},
  year={2005}
}

 @Manual{R2013,
    title = {R: A Language and Environment for Statistical Computing},
    author = {{R Core Team}},
    organization = {R Foundation for Statistical Computing},
    address = {Vienna, Austria},
    year = {2013},
    url = {http://www.R-project.org/},
}

@book{holland1975adaptation,
  title={Adaptation in natural and artificial systems: An introductory analysis with applications to biology, control, and artificial intelligence.},
  author={Holland, John H},
  year={1975},
  publisher={U Michigan Press}
}

@book{goldberg1989genetic,
  title={Genetic algorithms in search, optimization, and machine learning},
  author={Goldberg, David Edward and others},
  volume={412},
  year={1989},
  publisher={Addison-wesley Reading Menlo Park}
}

@article{breiman2001random,
  title={Random forests},
  author={Breiman, Leo},
  journal={Machine learning},
  volume={45},
  number={1},
  pages={5--32},
  year={2001},
  publisher={Springer}
}

@ARTICLE{2013A&A...550A.120S,
   author = {{Sarro}, L.~M. and {Debosscher}, J. and {Neiner}, C. and {Bello-Garc{\'{\i}}a}, A. and 
	{Gonz{\'a}lez-Marcos}, A. and {Prendes-Gero}, B. and {Ordieres}, J. and 
	{Le{\'o}n}, G. and {Aerts}, C. and {de Batz}, B.},
    title = "{Improved variability classification of CoRoT targets with Giraffe spectra}",
  journal = {\aap},
 keywords = {stars: variables: general, stars: oscillations, techniques: spectroscopic, stars: fundamental parameters, methods: statistical, methods: data analysis},
     year = 2013,
    month = feb,
   volume = 550,
      eid = {A120},
    pages = {A120},
      doi = {10.1051/0004-6361/201220184},
   adsurl = {http://adsabs.harvard.edu/abs/2013A%26A...550A.120S},
  adsnote = {Provided by the SAO/NASA Astrophysics Data System}
}

@ARTICLE{2009ApJS..185..289R,
   author = {{Rayner}, J.~T. and {Cushing}, M.~C. and {Vacca}, W.~D.},
    title = "{The Infrared Telescope Facility (IRTF) Spectral Library: Cool Stars}",
  journal = {\apjs},
archivePrefix = "arXiv",
   eprint = {0909.0818},
 primaryClass = "astro-ph.SR",
 keywords = {atlases, infrared: stars, stars: AGB and post-AGB, stars: carbon, stars: fundamental parameters, stars: late-type, techniques: spectroscopic},
     year = 2009,
    month = dec,
   volume = 185,
    pages = {289-432},
      doi = {10.1088/0067-0049/185/2/289},
   adsurl = {http://adsabs.harvard.edu/abs/2009ApJS..185..289R},
  adsnote = {Provided by the SAO/NASA Astrophysics Data System}
}


@ARTICLE{cesetti,
   author = {{Cesetti}, M. and {Pizzella}, A. and {Ivanov}, V.~D. and {Morelli}, L. and 
	{Corsini}, E.~M. and {Dalla Bont{\`a}}, E.},
    title = "{The Infrared Telescope Facility (IRTF) spectral library:. Spectral diagnostics for cool stars}",
  journal = {\aap},
archivePrefix = "arXiv",
   eprint = {1211.5572},
 primaryClass = "astro-ph.SR",
 keywords = {infrared: stars, line: identification, stars: abundances, supergiants, stars: late-type, stars: fundamental parameters},
     year = 2013,
    month = jan,
   volume = 549,
      eid = {A129},
    pages = {A129},
      doi = {10.1051/0004-6361/201219078},
   adsurl = {http://adsabs.harvard.edu/abs/2013A%26A...549A.129C},
  adsnote = {Provided by the SAO/NASA Astrophysics Data System}
}


@ARTICLE{hoggCannon,
   author = {{Ness}, M. and {Hogg}, D.~W. and {Rix}, H.-W. and {Ho}, A.~Y.~Q. and 
	{Zasowski}, G.},
    title = "{The Cannon: A Data-driven Approach to Stellar Label Determination}",
  journal = {\apj},
archivePrefix = "arXiv",
   eprint = {1501.07604},
 primaryClass = "astro-ph.SR",
 keywords = {methods: data analysis, methods: statistical, stars: abundances, stars: fundamental parameters, surveys, techniques: spectroscopic},
     year = 2015,
    month = jul,
   volume = 808,
      eid = {16},
    pages = {16},
      doi = {10.1088/0004-637X/808/1/16},
   adsurl = {http://adsabs.harvard.edu/abs/2015ApJ...808...16N},
  adsnote = {Provided by the SAO/NASA Astrophysics Data System}
}


@ARTICLE{heiter,
   author = {{Heiter}, U. and {Jofr{\'e}}, P. and {Gustafsson}, B. and {Korn}, A.~J. and 
	{Soubiran}, C. and {Th{\'e}venin}, F.},
    title = "{Gaia FGK Benchmark Stars: Effective temperatures and surface gravities}",
  journal = {ArXiv e-prints},
archivePrefix = "arXiv",
   eprint = {1506.06095},
 primaryClass = "astro-ph.SR",
 keywords = {Astrophysics - Solar and Stellar Astrophysics},
     year = 2015,
    month = jun,
   adsurl = {http://adsabs.harvard.edu/abs/2015arXiv150606095H},
  adsnote = {Provided by the SAO/NASA Astrophysics Data System}
}

@article{2009ApJ...702..154S,
        Adsnote = {Provided by the SAO/NASA Astrophysics Data System},
        Adsurl = {http://adsabs.harvard.edu/abs/2009ApJ...702..154S},
        Archiveprefix = {arXiv},
        Author = {{Stephens}, D.~C. and {Leggett}, S.~K. and {Cushing}, M.~C. and {Marley}, M.~S. and {Saumon}, D. and {Geballe}, T.~R. and {Golimowski}, D.~A. and {Fan}, X. and {Noll}, K.~S.},
        Doi = {10.1088/0004-637X/702/1/154},
        Eprint = {0906.2991},
        Journal = {\apj},
        Keywords = {stars: individual: 2MASS J00361617+1821104 2MASS J05591914{\ndash}1404488 2MASS J08251968+2115521 2MASS J09083803+5032088 2MASS J15074769{\ndash}1627386 2MASS J22244381{\ndash}0158521 2MASS J22443167+2043433 2MASS J22541892+3123498 DENIS-P J025503.3{\ndash}470049 SDSS J000013.54+255418.6 SDSS J075840.32+324723.3 SDSS J080531.83+481233.1 SDSS J085758.44+570851.4 SDSS J105213.50+442255.6AB SDSS J111009.99+011613.0 SDSS J115553.85+ 055957.5 SDSS J120747.17+024424.8 SDSS J125453.90{\ndash}012247.5 SDSS J133148.88{\ndash}011652.5 SDSS J151643.00+305344.3 SDSS J152039.82+354619.8, stars: low-mass, brown dwarfs},
        Month = sep,
        Pages = {154-170},
        Primaryclass = {astro-ph.SR},
        Title = {{The 0.8-14.5 {$\mu$}m Spectra of Mid-L to Mid-T Dwarfs: Diagnostics of Effective Temperature, Grain Sedimentation, Gas Transport, and Surface Gravity}},
        Volume = 702,
        Year = 2009,
        Bdsk-Url-1 = {http://dx.doi.org/10.1088/0004-637X/702/1/154}}


@ARTICLE{Anaetal,
   author = {{Gonz\'alez}, A. and {Bello}, A. and {Ordieres-Mer\'e}, J. and {Sarro}, L.M.},
    title = "{Evaluation of data compression techniques for the
inference of stellar atmospheric parameters from high
resolution spectra}",
  journal = {\mnras},
  year = {submitted}
}

@ARTICLE{caret,
    title = {caret: Classification and Regression Training},
    author = {Max Kuhn. Contributions from Jed Wing and Steve Weston and Andre Williams and Chris Keefer and Allan Engelhardt and Tony Cooper and Zachary Mayer and Brenton Kenkel and the R Core Team and Michael Benesty and Reynald Lescarbeau and Andrew Ziem and Luca Scrucca and Yuan Tang and Can Candan.},
    year = {2016},
    note = {R package version 6.0-71},
    url = {https://CRAN.R-project.org/package=caret}
}

@article{svetnik2003random,
  title={Random forest: a classification and regression tool for compound classification and QSAR modeling},
  author={Svetnik, Vladimir and Liaw, Andy and Tong, Christopher and Culberson, J Christopher and Sheridan, Robert P and Feuston, Bradley P},
  journal={Journal of chemical information and computer sciences},
  volume={43},
  number={6},
  pages={1947--1958},
  year={2003},
  publisher={ACS Publications}
}

@article{meyer2003support,
  title={The support vector machine under test},
  author={Meyer, David and Leisch, Friedrich and Hornik, Kurt},
  journal={Neurocomputing},
  volume={55},
  number={1},
  pages={169--186},
  year={2003},
  publisher={Elsevier}
}

@article{elith2008working,
  title={A working guide to boosted regression trees},
  author={Elith, Jane and Leathwick, John R and Hastie, Trevor},
  journal={Journal of Animal Ecology},
  volume={77},
  number={4},
  pages={802--813},
  year={2008},
  publisher={Wiley Online Library}
}

@article{geman1992neural,
  title={Neural networks and the bias/variance dilemma},
  author={Geman, Stuart and Bienenstock, Elie and Doursat, Ren{\'e}},
  journal={Neural computation},
  volume={4},
  number={1},
  pages={1--58},
  year={1992},
  publisher={MIT Press}
}

@article{baraud2002model,
  title={Model selection for regression on a random design},
  author={Baraud, Yannick},
  journal={ESAIM: Probability and Statistics},
  volume={6},
  pages={127--146},
  year={2002},
  publisher={EDP Sciences}
}


